<record><leader>00000cas a2200000 a 4500</leader><controlfield tag="001">18295558</controlfield><controlfield tag="008">880801d19251930nyuwr ne      0    0eng c</controlfield><datafield ind1=" " ind2=" " tag="010"><subfield code="a">sn 88075738 </subfield></datafield><datafield ind1=" " ind2=" " tag="040"><subfield code="a">NYG</subfield><subfield code="b">eng</subfield><subfield code="c">NYG</subfield><subfield code="d">NYS</subfield><subfield code="d">OCL</subfield><subfield code="d">OCLCQ</subfield><subfield code="d">OCLCF</subfield><subfield code="d">OCLCO</subfield></datafield><datafield ind1=" " ind2=" " tag="042"><subfield code="a">pcc</subfield></datafield><datafield ind1=" " ind2=" " tag="043"><subfield code="a">n-us-ny</subfield></datafield><datafield ind1="0" ind2="4" tag="245"><subfield code="a">The Messenger and rural Long Islander.</subfield></datafield><datafield ind1="1" ind2="7" tag="246"><subfield code="a">Smithtown messenger</subfield></datafield><datafield ind1="3" ind2="0" tag="246"><subfield code="a">Rural Long Islander</subfield></datafield><datafield ind1=" " ind2=" " tag="260"><subfield code="a">Smithtown Branch, N.Y. :</subfield><subfield code="b">Smithtown Press,</subfield><subfield code="c">1925-1930.</subfield></datafield><datafield ind1=" " ind2=" " tag="300"><subfield code="a">6 v.</subfield></datafield><datafield ind1=" " ind2=" " tag="310"><subfield code="a">Weekly</subfield></datafield><datafield ind1="0" ind2=" " tag="362"><subfield code="a">Vol. 37, no. 28 (Sept. 25, 1925)-42nd year, no. 44 (Dec. 26, 1930).</subfield></datafield><datafield ind1=" " ind2=" " tag="500"><subfield code="a">The words "and rural Long Islander" appear as part of the title ornament Aug. 24, 1928-Dec. 26, 1930.</subfield></datafield><datafield ind1=" " ind2=" " tag="500"><subfield code="a">"A newspaper for the whole of Smithtown township."</subfield></datafield><datafield ind1=" " ind2="0" tag="651"><subfield code="a">Village of the Branch (N.Y.)</subfield><subfield code="v">Newspapers.</subfield></datafield><datafield ind1=" " ind2="0" tag="651"><subfield code="a">Smithtown (N.Y. : Town)</subfield><subfield code="v">Newspapers.</subfield></datafield><datafield ind1=" " ind2="0" tag="651"><subfield code="a">Suffolk County (N.Y.)</subfield><subfield code="v">Newspapers.</subfield></datafield><datafield ind1=" " ind2="7" tag="655"><subfield code="a">Newspapers.</subfield><subfield code="2">fast</subfield><subfield code="0">(OCoLC)fst01423814</subfield></datafield><datafield ind1=" " ind2="7" tag="651"><subfield code="a">New York (State)</subfield><subfield code="z">Smithtown (Town)</subfield><subfield code="2">fast</subfield><subfield code="0">(OCoLC)fst01334637</subfield></datafield><datafield ind1=" " ind2="7" tag="651"><subfield code="a">New York (State)</subfield><subfield code="z">Suffolk County.</subfield><subfield code="2">fast</subfield><subfield code="0">(OCoLC)fst01207260</subfield></datafield><datafield ind1=" " ind2="7" tag="651"><subfield code="a">New York (State)</subfield><subfield code="z">Village of the Branch.</subfield><subfield code="2">fast</subfield><subfield code="0">(OCoLC)fst01247049</subfield></datafield><datafield ind1=" " ind2=" " tag="752"><subfield code="a">United States</subfield><subfield code="b">New York</subfield><subfield code="c">Suffolk</subfield><subfield code="d">Village of the Branch.</subfield></datafield><datafield ind1=" " ind2=" " tag="752"><subfield code="a">United States</subfield><subfield code="b">New York</subfield><subfield code="c">Suffolk</subfield><subfield code="d">Smithtown.</subfield></datafield><datafield ind1="0" ind2="4" tag="780"><subfield code="t">Messenger and Suffolk County legionnaire</subfield><subfield code="w">(DLC)sn 88075737</subfield><subfield code="w">(OCoLC)18295520</subfield></datafield><datafield ind1="0" ind2="4" tag="780"><subfield code="t">Rural Long Islander</subfield><subfield code="w">(DLC)sn 98067666</subfield><subfield code="w">(OCoLC)40656742</subfield></datafield><datafield ind1="0" ind2="7" tag="785"><subfield code="t">Kings Park &amp; Huntington messenger</subfield><subfield code="w">(DLC)sn 98067533</subfield><subfield code="w">(OCoLC)38465603</subfield></datafield><datafield ind1="0" ind2="7" tag="785"><subfield code="t">Messenger (Smithtown, N.Y. : 1931)</subfield><subfield code="w">(DLC)sn 89071390</subfield><subfield code="w">(OCoLC)20381230</subfield></datafield></record>